<record><leader>00000cas a2200000 a 4500</leader><controlfield tag="001">11722021</controlfield><controlfield tag="008">850222d18871889ksuwr ne      0   a0eng d</controlfield><datafield ind1=" " ind2=" " tag="010"><subfield code="a">sn 85030961 </subfield></datafield><datafield ind1=" " ind2=" " tag="040"><subfield code="a">KSH</subfield><subfield code="b">eng</subfield><subfield code="c">KSH</subfield><subfield code="d">NPT</subfield><subfield code="d">OCL</subfield><subfield code="d">OCLCQ</subfield></datafield><datafield ind1=" " ind2=" " tag="042"><subfield code="a">msc</subfield></datafield><datafield ind1="0" ind2="0" tag="245"><subfield code="a">Logan County leader.</subfield></datafield><datafield ind1=" " ind2=" " tag="260"><subfield code="a">Russell Springs, Kan. :</subfield><subfield code="b">Grove &amp; Egger</subfield></datafield><datafield ind1=" " ind2=" " tag="300"><subfield code="a">v. :</subfield><subfield code="b">ill. (chiefly advertisements) ;</subfield><subfield code="c">55 cm.</subfield></datafield><datafield ind1=" " ind2=" " tag="310"><subfield code="a">Weekly</subfield></datafield><datafield ind1="0" ind2=" " tag="362"><subfield code="a">-v. 2, no. 24 (Feb. 28, 1889).</subfield></datafield><datafield ind1="1" ind2=" " tag="362"><subfield code="a">Began in 1887?</subfield></datafield><datafield ind1=" " ind2=" " tag="588"><subfield code="a">Description based on: Vol. 1, no. 3 (Oct. 6, 1887).</subfield></datafield><datafield ind1=" " ind2=" " tag="752"><subfield code="a">United States</subfield><subfield code="b">Kansas</subfield><subfield code="c">Logan</subfield><subfield code="d">Russell Springs.</subfield></datafield><datafield ind1="0" ind2="7" tag="785"><subfield code="t">Logan County republican</subfield><subfield code="w">(DLC)sn 85030960</subfield></datafield><datafield ind1="0" ind2="7" tag="785"><subfield code="t">Logan County republican and Logan County leader</subfield><subfield code="w">(DLC)sn 85030963</subfield></datafield></record>